<record><leader>00000cas a2200000 a 4500</leader><controlfield tag="001">11942678</controlfield><controlfield tag="008">850419d18931894ksuwr ne      0    0eng d</controlfield><datafield ind1=" " ind2=" " tag="010"><subfield code="a">sn 85029191 </subfield></datafield><datafield ind1=" " ind2=" " tag="040"><subfield code="a">KSH</subfield><subfield code="b">eng</subfield><subfield code="c">KSH</subfield><subfield code="d">NPT</subfield><subfield code="d">OCL</subfield><subfield code="d">OCLCQ</subfield></datafield><datafield ind1=" " ind2=" " tag="042"><subfield code="a">msc</subfield></datafield><datafield ind1="0" ind2="4" tag="245"><subfield code="a">The Republican mirror.</subfield></datafield><datafield ind1=" " ind2=" " tag="260"><subfield code="a">Olathe, Kan. :</subfield><subfield code="b">H.A. Perkins,</subfield><subfield code="c">1893-1894.</subfield></datafield><datafield ind1=" " ind2=" " tag="300"><subfield code="a">1 v. :</subfield><subfield code="b">ill. ;</subfield><subfield code="c">64 cm.</subfield></datafield><datafield ind1=" " ind2=" " tag="310"><subfield code="a">Weekly</subfield></datafield><datafield ind1="0" ind2=" " tag="362"><subfield code="a">Vol. 36, no. 19 (Feb. 16, 1893)-v. 37, no. 52 (Oct. 4, 1894).</subfield></datafield><datafield ind1=" " ind2=" " tag="500"><subfield code="a">"The republican paper of Johnson County."</subfield></datafield><datafield ind1=" " ind2=" " tag="752"><subfield code="a">United States</subfield><subfield code="b">Kansas</subfield><subfield code="c">Johnson</subfield><subfield code="d">Olathe.</subfield></datafield><datafield ind1="0" ind2="0" tag="780"><subfield code="t">Olathe mirror (Olathe, Kan. : 1886)</subfield><subfield code="w">(DLC)sn 85029953</subfield></datafield><datafield ind1="0" ind2="0" tag="785"><subfield code="t">Olathe mirror (Olathe, Kan. : 1894)</subfield><subfield code="w">(DLC)sn 85029192</subfield></datafield></record>